
@book{Abrahams:2004:CTM:1044941,
 author = {Abrahams, David and Gurtovoy, Aleksey},
 title = {C++ Template Metaprogramming: Concepts, Tools, and Techniques from Boost and Beyond (C++ in Depth Series)},
 year = {2004},
 isbn = {0321227255},
 publisher = {Addison-Wesley Professional},
} 

@book{Alexandrescu:2001:MCD:377789,
 author = {Alexandrescu, Andrei},
 title = {Modern C++ design: generic programming and design patterns applied (C++ in Depth Series)},
 year = {2001},
 isbn = {0201704315},
 publisher = {Addison-Wesley Professional},
} 

@book{Meyers:2005:ECS:1051335,
 author = {Meyers, Scott},
 title = {Effective C++: 55 Specific Ways to Improve Your Programs and Designs (3rd Edition)},
 year = {2005},
 isbn = {0321334876},
 publisher = {Addison-Wesley Professional},
} 

@book{Grune:1990:PTP:130365,
 author = {Grune, Dick and Jacobs, Ceriel J. H.},
 title = {Parsing techniques: a practical guide},
 year = {1990},
 isbn = {0-13-651431-6},
 publisher = {Ellis Horwood},
 address = {Upper Saddle River, NJ, USA},
}

@book{Friedl:2006:MRE:1209014,
 author = {Friedl, Jeffrey},
 title = {Mastering Regular Expressions},
 year = {2006},
 isbn = {0596528124},
 publisher = {O'Reilly Media, Inc.},
}

@article{gregor08:devx_concepts,
  author = {Douglas Gregor},
  title = {Easier {C++}: An Introduction to Concepts},
  journal = {DevX.com Special Report},
  year = 2008,
  month = {August},
  note = {\url{http://www.devx.com/SpecialReports/Article/38864}}
}

@TECHREPORT{Johnson75yacc:yet,
    author = {Stephen C. Johnson},
    title = {Yacc: Yet Another Compiler-Compiler},
    institution = {},
    year = {1975}
}

@MISC{Parr95antlr:a,
    author = {Terence J Parr and T. J. Parr and R W Quong},
    title = {ANTLR: A Predicated-LL(k) Parser Generator},
    year = {1995}
}


