
@book{Abrahams:2004:CTM:1044941,
 author = {Abrahams, David and Gurtovoy, Aleksey},
 title = {C++ Template Metaprogramming: Concepts, Tools, and Techniques from Boost and Beyond (C++ in Depth Series)},
 year = {2004},
 isbn = {0321227255},
 publisher = {Addison-Wesley Professional},
} 

@book{Alexandrescu:2001:MCD:377789,
 author = {Alexandrescu, Andrei},
 title = {Modern C++ design: generic programming and design patterns applied (C++ in Depth Series)},
 year = {2001},
 isbn = {0201704315},
 publisher = {Addison-Wesley Professional},
} 

@book{Meyers:2005:ECS:1051335,
 author = {Meyers, Scott},
 title = {Effective C++: 55 Specific Ways to Improve Your Programs and Designs (3rd Edition)},
 year = {2005},
 isbn = {0321334876},
 publisher = {Addison-Wesley Professional},
} 

@article{gregor08:devx_concepts,
  author = {Douglas Gregor},
  title = {Easier {C++}: An Introduction to Concepts},
  journal = {DevX.com Special Report},
  year = 2008,
  month = {August},
  note = {\url{http://www.devx.com/SpecialReports/Article/38864}}
}
